@INCOLLECTION{No1,
	AUTHOR = "袁自海",
	BOOKTITLE = "CSS在网页设计中的应用[J]",
	PUBLISHER = "清华出版社",
	YEAR = "2008-08",
	PAGES = "28-33",
}
